@book{du1964,
    author = "Du Val, P.",
    title = "Homographies, quaternions, and rotations",
    publisher = "Clarendon Press",
    year = "1964"
}

@book{conway2003,
    author = "Conway, J.H. and Smith, D.A.",
    title = "On Quaternions and Octonions: Their Geometry, Arithmetic, and Symmetry",
    publisher = "Peters",
    year = "2003"
}

@book{hazewinkel2004algebras,
  title={Algebras, Rings and Modules},
  author={Hazewinkel, M. and Gubareni, N. and Kirichenko, V.V.},
  number={Bd. 1},
  isbn={9781402026904},
  series={Algebras, Rings and Modules},
  url={http://books.google.de/books?id=AibpdVNkFDYC},
  year={2004},
  publisher={Springer}
}


@article{aroyo2006, 
    author = "Aroyo, Mois I. and Kirov, Asen and Capillas, Cesar and Perez-Mato, J. M. and Wondratschek, Hans", 
    title = "Bilbao Crystallographic Server. II. Representations of crystallographic point groups and space groups",
    journal = "Acta Crystallographica Section A",
    year = "2006",
    volume = "62",
    number = "2",
    pages = "115--128",
    month = "Mar",
    doi = {10.1107/S0108767305040286},
    url = {http://dx.doi.org/10.1107/S0108767305040286}
}

@article{coxeter1946, 
    author = "Coxeter, H. S. M.", 
    title = "Quaternions and Reflections",
    journal = "The American Mathematical Monthly",
    year = "1946",
    volume = "53",
    number = "3",
    pages = "136--146",
    month = "Mar",
    url = "http://www.jstor.org/stable/2304897"
}


@incollection{polymake,
  author =       {Ewgenij Gawrilow and Michael Joswig},
  title =        {polymake: a Framework for Analyzing Convex Polytopes},
  pages =        {43-74},
  editor =       {Gil Kalai and G\"unter M. Ziegler},
  booktitle =    {Polytopes --- Combinatorics and Computation},
  publisher =    {Birkh\"auser},
  year =         {2000}
}

@inproceedings{jreality,
 author = {Weissmann, Steffen and Gunn, Charles and Brinkmann, Peter and Hoffmann, Tim and Pinkall, Ulrich},
 title = {jReality: A Java Library for Real-time Interactive 3D Graphics and Audio},
 booktitle = {Proceedings of the 17th ACM International Conference on Multimedia},
 series = {MM '09},
 year = {2009},
 isbn = {978-1-60558-608-3},
 location = {Beijing, China},
 pages = {927--928},
 numpages = {2},
 url = {http://doi.acm.org/10.1145/1631272.1631457},
 doi = {10.1145/1631272.1631457},
 acmid = {1631457},
 publisher = {ACM},
 address = {New York, NY, USA},
 keywords = {immersive environments, interactive spatial audio, java, virtual reality},
}